@book{stallings, 
    author      = "William Stallings",
    title       = "Computer Organization and Architecture",
    publisher   = "Pearson",
    year        = 2016,
    edition     = "10th",
    address     = "Edinburgh Gate, Harlow"
}

@misc{vexriscv,
    author          = "SpinalHDL",
    title           = {{VexRiscV}},
    howpublished    = {\url{https://github.com/SpinalHDL/VexRiscv}}
    
}

@misc{pqvex,
    author          = "Matthias J. Kannwischer \& Richard Petri",
    title           = {{PQVexRiscV-VexRiscV}},
    howpublished    = {\url{https://github.com/mupq/pqriscv-vexriscv}}
}

@misc{riscvcrypt, 
    author          = {RISC-V},
    title           = {{RISCV-Crypto}},
    howpublished    = {\url{https://github.com/riscv/riscv-crypto}}
}

@article{rainbownist,
    author  = {Jintai Ding et al.},
    title   = {{Rainbow - Algorithm Specification and Documentation}},
    journal = {NIST round 3 submissions},
    year    = 2020
}

@book{multicrypto,
  author    = {Jintai Ding et al.},
  title     = {Multivariate Public Key Cryptosystems, Second Edition},
  series    = {Advances in Information Security},
  volume    = {80},
  publisher = {Springer},
  year      = {2020},
  url       = {https://doi.org/10.1007/978-1-0716-0987-3},
  doi       = {10.1007/978-1-0716-0987-3},
  isbn      = {978-1-0716-0985-9}
}

@article{riscvmodular,
    author  = {David Kanter},
    title   = {{RISC-V} {Offers Simple, Modular ISA}},
    journal = {Microprocessor report},
    year    = 2016
}

@techreport{riscdesign, 
    author      = {Andrew Waterman},
    title       = {{Design of the {RISC-V} {Instruction} {Set} {Architecture}}},
    year        = 2016,
    institution = {EECS Department, University of California, Berkeley},
    month       = {January},
    number      = {UCB/EECS-2016-1},
    url         = {https://www2.eecs.berkeley.edu/Pubs/TechRpts/2016/EECS-2016-1.pdf}
}

@misc{nistapi,
    author          = {NIST},
    title           = {{PQC} - {API} notes},
    howpublished    = {\url{https://csrc.nist.gov/CSRC/media/Projects/Post-Quantum-Cryptography/documents/example-files/api-notes.pdf}}
}

@misc{rainbowgit, 
    author          = {Fast Crypto Lab},
    title           = {Rainbow-submission-round2},
    howpublished    = {\url{https://github.com/fast-crypto-lab/rainbow-submission-round2}}
}

@misc{betterbitslicer,
     author = {Tung Chou and Matthias J. Kannwischer and Bo-Yin Yang},
     title = {{Rainbow} on {Cortex-M4}},
     howpublished = {Cryptology ePrint Archive, Report 2021/532},
     year = {2021},
     note = {\url{https://eur03.safelinks.protection.outlook.com/?url=https%3A%2F%2Feprint.iacr.org%2F2021%2F532&amp;data=04%7C01%7Cmives18%40student.sdu.dk%7C206232489f7e4172058808d920ee0ee9%7C9a97c27db83e4694b35354bdbf18ab5b%7C0%7C0%7C637577029086129197%7CUnknown%7CTWFpbGZsb3d8eyJWIjoiMC4wLjAwMDAiLCJQIjoiV2luMzIiLCJBTiI6Ik1haWwiLCJXVCI6Mn0%3D%7C1000&amp;sdata=eSR0GX8dXed%2FPaXTdEoaCAuenj65l7z%2FX3MiVS5RoEY%3D&amp;reserved=0}},
   }